@book{Gasteiger_2003,
  doi = {10.1002/9783527618279},
  url = {http://dx.doi.org/10.1002/9783527618279},
  year  = {2003},
  month = {aug},
  publisher = {Wiley-{VCH} Verlag {GmbH}},
  editor = {Johann Gasteiger},
  title = {Handbook of Chemoinformatics}
}
@book{Junker_2008,
  doi = {10.1002/9780470253489},
  url = {http://dx.doi.org/10.1002/9780470253489},
  year  = {2008},
  month = {feb},
  publisher = {John Wiley {\&} Sons,  Inc.},
  editor = {Bjrn H. Junker and Falk Schreiber},
  title = {Analysis of Biological Networks}
}
@book{Carrington_2005,
  isbn = {0521600979},
  url = {http://www.cambridge.org/us/academic/subjects/sociology/sociology-general-interest/models-and-methods-social-network-analysis},
  year = {2005},
  publisher = {Cambridge University Press},
  author = {Peter J. Carrington, John Scott and Stanley Wasserman},
  title = {Models and Methods in Social Network Analysis (Structural Analysis in the Social Sciences)},
}
@book{Lezoray_2012,
  isbn = {9781439855072},
  url = {http://www.crcpress.com/product/isbn/9781439855072},
  year = {2012},
  publisher = {CRC Press},
  author = {Olivier Lezoray and Leo Grady},
  title = {Image Processing and Analysis with Graphs: Theory and Practice (Digital Imaging and Computer Vision)}
}
@Book{Garey_1979,
  isbn = {0716710455},
  year = {1979},
  publisher = {W.H. Freeman and Co.},
  author = {Michael R. Garey and David S. Johnson},
  title = {Computers and intractability : a guide to the theory of NP-completeness}
}